@online{Lieben_Jonas.2024,
 year = {2024},
 title = {HC-SR04 Sensor, Vorderseite},
 note = {(erstellt: 09.11.2024)}
}

@online{Lieben_Jonas_2.2024,
 year = {2024},
 title = {Entwickelter Schaltkreis},
 note = {(erstellt: 10.11.2024)}
}

@online{HSHL.2023,
 year = {2023},
 title = {Ultraschall Abstandssensor HC-SR04},
 url = {https://wiki.hshl.de/wiki/index.php/Ultraschall_Abstandssensor_HC-SR04},
 urldate = {2024-11-09},
 note = {(zuletzt geprüft: 09.11.2024)}
}

@book{Schreiner_Rüdiger.2012,
	title = "Computernetzwerke",
	author = "Schreiner, Rüdiger",
	isbn = "9783446432819",
	year = 2012,
	keywords = "Internet, Netzwerkprotokolle, Netzwerktechniken, OSI-Modell, TCP/IP, Computernetzwerke, Netzwerktopologien",
	url = "http://www.content-select.com/index.php?id=bib_view&amp;ean=9783446432819",
	url = "https://content-select.com/de/portal/media/view/54259934-73d0-4fe8-b51c-1c7eb0dd2d03",
	publisher = "Carl Hanser Verlag",
	language = "ger",
}

@book{Thomas_Christian.1965,
	title = "Berührungslos arbeitende Abstandssensoren in der Landtechnik",
	author = "Thomas, Christian",
	isbn = "",
	year = 1965,
	keywords = "Sensortypen",
	url = "https://440ejournals.uni-hohenheim.de/index.php/Grundlagen/article/view/236/188",
	publisher = "Carl Hanser Verlag",
	language = "ger",
}

@book{Raabe_Armin_Holstein_Peter.2021,
	title = "Akustik und Raumklima",
	author = "Raabe, Armin und Holstein, Peter",
	isbn = "978-3-658-33324-9",
	year = 2021,
	keywords = "Schallgeschwindigkeit",
	url = "",
	publisher = "Springer Vieweg Wiesbaden",
	language = "ger",
}

@online{IoTspace.dev,
  title = {HC-SR04 Ultraschallsensor - Anleitung und Pinout » IoTspace.dev},
  author = {Kevin Friedemann},
  year = 2021,
  url = {https://iotspace.dev/hc-sr04-ultraschallsensor-anleitung-und-pinout/},
  urldate = {2024-11-12},
  note = {(zuletzt geprüft: 12.11.2024)}
}


@book{Bernstein_Herbert.2020,
	title = "Mikrocontroller",
	author = "Bernstein, Herbert",
	isbn = "978-3-658-30067-8",
	year = 2020,
	keywords = "Electronics and Microelectronics, Instrumentation, Control, Robotics, Mechatronics, Circuits and Systems, Electronic Circuits and Devices",
	url = "",
	publisher = "Springer Vieweg Wiesbaden",
	language = "ger",
}

@online{Aimonen_Petteri.2009,
  title = {File:Animal echolocation.svg - Wikimedia Commons},
  author = {Aimonen, Petteri},
  year = 2009,
  url = {https://commons.wikimedia.org/wiki/File:Animal_echolocation.svg?uselang=en#Licensing},
  urldate = {2024-11-12},
  note = {(zuletzt geprüft: 12.11.2024)}
}
